@article{aichholzer-arxiv-2024,
  title={Reconfiguration of Non-crossing Spanning Trees},
  author={Oswin Aichholzer and Brad Ballinger and Therese C. Biedl and Mirela Damian and Erik D. Demaine and Matias Korman and Anna Lubiw and J. Lynch and Josef Tkadlec and Yushi Uno},
  journal={ArXiv},
  year={2022},
  volume={abs/2206.03879},
  url={https://api.semanticscholar.org/CorpusID:249462091}
}
